<collection xmlns="http://www.loc.gov/MARC21/slim">
<record>
  <leader>01047nam0a2200265 i 450 </leader>
  <controlfield tag="001">IT\ICCU\CNCE\010715</controlfield>
  <controlfield tag="005">19970101000000.0</controlfield>
  <datafield tag="012" ind1=" " ind2=" ">
    <subfield code="a">zer- lan- tai- sape (C) 1552 (A)</subfield>
    <subfield code="2">fei</subfield>
  </datafield>
  <datafield tag="100" ind1=" " ind2=" ">
    <subfield code="a">19970101d1552        0itac0103    ba</subfield>
  </datafield>
  <datafield tag="101" ind1=" " ind2=" ">
    <subfield code="a">ITA</subfield>
  </datafield>
  <datafield tag="102" ind1=" " ind2=" ">
    <subfield code="a">IT</subfield>
  </datafield>
  <datafield tag="200" ind1="1" ind2=" ">
    <subfield code="a">℗Gli ℗articoli e brieui de i monaci Celestini</subfield>
  </datafield>
  <datafield tag="210" ind1=" " ind2=" ">
    <subfield code="a">In Napoli</subfield>
    <subfield code="c">appresso a Raimondo d&apos;Amato</subfield>
    <subfield code="d">1552</subfield>
  </datafield>
  <datafield tag="215" ind1=" " ind2=" ">
    <subfield code="a">8ʻ</subfield>
  </datafield>
  <datafield tag="300" ind1=" " ind2=" ">
    <subfield code="a">Possedute solo \24! c</subfield>
  </datafield>
  <datafield tag="620" ind1=" " ind2=" ">
    <subfield code="a">IT</subfield>
    <subfield code="d">Napoli</subfield>
  </datafield>
  <datafield tag="710" ind1="0" ind2="2">
    <subfield code="a">Celestini</subfield>
    <subfield code="3">IT\ICCU\CNCT\002895</subfield>
  </datafield>
  <datafield tag="712" ind1="0" ind2="0">
    <subfield code="a">Amato, Raimondo</subfield>
    <subfield code="3">IT\ICCU\CNCT\000523</subfield>
    <subfield code="4">650</subfield>
  </datafield>
  <datafield tag="791" ind1="0" ind2="2">
    <subfield code="a">Ordo s. Benedicti Congregationis Caelestinorum</subfield>
    <subfield code="3">15489</subfield>
    <subfield code="z">Celestini</subfield>
  </datafield>
  <datafield tag="791" ind1="0" ind2="2">
    <subfield code="a">Congregatio Caelestinorum ordinis s. Benedicti</subfield>
    <subfield code="3">15490</subfield>
    <subfield code="z">Celestini</subfield>
  </datafield>
  <datafield tag="791" ind1="0" ind2="2">
    <subfield code="a">Congregatio Coelestinorum ordinis S. Benedicti</subfield>
    <subfield code="3">15592</subfield>
    <subfield code="z">Celestini</subfield>
  </datafield>
  <datafield tag="791" ind1="0" ind2="0">
    <subfield code="a">Amatus, Raymundus</subfield>
    <subfield code="3">IT\ICCU\CNCT\004240</subfield>
    <subfield code="z">Amato, Raimondo</subfield>
  </datafield>
  <datafield tag="801" ind1=" " ind2="3">
    <subfield code="a">IT</subfield>
    <subfield code="b">ICCU</subfield>
    <subfield code="c">20201113</subfield>
  </datafield>
  <datafield tag="899" ind1=" " ind2=" ">
    <subfield code="a">Biblioteca universitaria. Bologna</subfield>
    <subfield code="1">BO0098</subfield>
    <subfield code="2">UBO BU</subfield>
  </datafield>
  <datafield tag="899" ind1=" " ind2=" ">
    <subfield code="a">Biblioteca P. Candido Donatelli. Giulianova</subfield>
    <subfield code="z">MUTILO</subfield>
    <subfield code="1">TE0010</subfield>
    <subfield code="2">PBE A4</subfield>
  </datafield>
</record>
</collection>
